<?xml version="1.0" encoding="UTF-8"?><record xmlns="http://www.loc.gov/MARC21/slim" xmlns:cinclude="http://apache.org/cocoon/include/1.0" xmlns:zs="http://www.loc.gov/zing/srw/">
  <leader>00730nz  a2200169n  4500</leader>
  <controlfield tag="001">no2010090872</controlfield>
  <controlfield tag="003">DLC</controlfield>
  <controlfield tag="005">20100604075432.0</controlfield>
  <controlfield tag="008">100602n| acannaabn          |a aaa     c</controlfield>
  <datafield tag="010" ind1=" " ind2=" ">
    <subfield code="a">no2010090872</subfield>
  </datafield>
  <datafield tag="035" ind1=" " ind2=" ">
    <subfield code="a">(OCoLC)oca08514888</subfield>
  </datafield>
  <datafield tag="040" ind1=" " ind2=" ">
    <subfield code="a">ICU</subfield>
    <subfield code="b">eng</subfield>
    <subfield code="c">ICU</subfield>
  </datafield>
  <datafield tag="100" ind1="1" ind2=" ">
    <subfield code="a">Sxvitariże, Aladin Rubenis że</subfield>
  </datafield>
  <datafield tag="400" ind1="1" ind2=" ">
    <subfield code="a">Skhvitaridze, A. R.</subfield>
    <subfield code="q">(Aladin Rubenovich)</subfield>
  </datafield>
  <datafield tag="400" ind1="1" ind2=" ">
    <subfield code="a">Skhvitaridze, Aladin Rubenovich</subfield>
  </datafield>
  <datafield tag="670" ind1=" " ind2=" ">
    <subfield code="a">Ėkonomicheskai︠a︡ priroda obshchestvennogo truda v sfere obrashchenii︠a︡ pri sot︠s︡ializme, 1989:</subfield>
    <subfield code="b">t.p. (A.R. Skhvitaridze) Georgian colophon (Sxvitariże Aladin Rubenis że)</subfield>
  </datafield>
  <datafield tag="670" ind1=" " ind2=" ">
    <subfield code="a">Russian National Library, June 2nd, 2010:</subfield>
    <subfield code="b">(hdg.: Skhvitaridze, Aladin Rubenovich; usage: A.R. Skhvitaridze)</subfield>
  </datafield>
</record>